<collection xmlns="http://www.loc.gov/MARC21/slim">
<record>
  <leader>00974nam0a22001931i 450 </leader>
  <controlfield tag="001">IT\ICCU\CNCE\051428</controlfield>
  <controlfield tag="005">20171012000000.0</controlfield>
  <datafield tag="012" ind1=" " ind2=" ">
    <subfield code="a">e.o. e-t- n-i. iol- (C) 1567 (Q)</subfield>
    <subfield code="2">fei</subfield>
  </datafield>
  <datafield tag="100" ind1=" " ind2=" ">
    <subfield code="a">20010112f1567        0itac0103    ba</subfield>
  </datafield>
  <datafield tag="101" ind1=" " ind2=" ">
    <subfield code="a">ITA</subfield>
  </datafield>
  <datafield tag="102" ind1=" " ind2=" ">
    <subfield code="a">IT</subfield>
  </datafield>
  <datafield tag="200" ind1="1" ind2=" ">
    <subfield code="a">Ordine et deliberatione per conto delli legnami dell&apos;Opera di Santa Maria del Fiore, che sono trasportati da fiumi, &amp; altro per conseruatione dell&apos;Opera</subfield>
  </datafield>
  <datafield tag="210" ind1=" " ind2=" ">
    <subfield code="d">\1567?!</subfield>
  </datafield>
  <datafield tag="215" ind1=" " ind2=" ">
    <subfield code="a">\1! c.</subfield>
    <subfield code="d">fol</subfield>
  </datafield>
  <datafield tag="300" ind1=" " ind2=" ">
    <subfield code="a">Per la data cfr.: LAIT Libri Antichi in Toscana 1501-1885. Catalogo cumulato di edizioni conservate in biblioteche di ente locale e di interesse locale. A cura della Biblioteca comunale Forteguerriana di Pistoia. Firenze, Regione Toscana; Pistoia, Biblioteca Forteguerriana, 2005</subfield>
  </datafield>
  <datafield tag="710" ind1="0" ind2="2">
    <subfield code="a">Opera di Santa Maria del Fiore</subfield>
    <subfield code="c"> &lt;Firenze&gt;</subfield>
    <subfield code="3">16763</subfield>
  </datafield>
  <datafield tag="712" ind1="0" ind2="2">
    <subfield code="a">s.n.</subfield>
    <subfield code="3">IT\ICCU\CNCT\000002</subfield>
    <subfield code="4">650</subfield>
  </datafield>
  <datafield tag="801" ind1=" " ind2="3">
    <subfield code="a">IT</subfield>
    <subfield code="b">ICCU</subfield>
    <subfield code="c">20201115</subfield>
  </datafield>
  <datafield tag="899" ind1=" " ind2=" ">
    <subfield code="a">Biblioteca comunale Forteguerriana. Pistoia</subfield>
    <subfield code="1">PT0025</subfield>
    <subfield code="2">RT1 IE</subfield>
  </datafield>
</record>
</collection>
